<?xml version="1.0" encoding="UTF-8"?><collection xmlns="http://www.loc.gov/MARC21/slim"><record><leader>00632nam--2200193-u-4500</leader><controlfield tag="001">000054361</controlfield><controlfield tag="002">20161230</controlfield><controlfield tag="005">20161230201051</controlfield><controlfield tag="008">111125s1000------------r-----000-0-eng-d</controlfield><datafield ind1=" " ind2=" " tag="040"><subfield code="a">IFIN-HH</subfield></datafield><datafield ind1=" " ind2=" " tag="080"><subfield code="a">539.12</subfield></datafield><datafield ind1="1" ind2=" " tag="100"><subfield code="a">Lanik, J</subfield></datafield><datafield ind1="1" ind2="0" tag="245"><subfield code="a">Hadron constituents and symmetries</subfield><subfield code="b">Physics and applications volume 3 proceedings of the conference smolenice 1976</subfield><subfield code="c">J. lanik, m. noga (eds.)</subfield></datafield><datafield ind1=" " ind2=" " tag="260"><subfield code="a">Bratislava</subfield><subfield code="b">Veda Publishing House Of The Slovak Academy Of Sciences</subfield><subfield code="c">1978</subfield></datafield><datafield ind1=" " ind2=" " tag="300"><subfield code="a">418P</subfield></datafield><datafield ind1=" " ind2=" " tag="490"><subfield code="a">Physics And Applications</subfield><subfield code="v">Volume 3</subfield></datafield><datafield ind1="1" ind2=" " tag="700"><subfield code="a">Noga, M</subfield></datafield><datafield ind1=" " ind2=" " tag="852"><subfield code="a">44209</subfield><subfield code="c">539.12</subfield></datafield><datafield ind1=" " ind2=" " tag="CAT"><subfield code="a">Sys</subfield><subfield code="c">20111125</subfield><subfield code="h">112403</subfield></datafield></record></collection>